@Book{xie2015,
  title = {Dynamic Documents with {R} and knitr},
  author = {Yihui Xie},
  publisher = {Chapman and Hall/CRC},
  address = {Boca Raton, Florida},
  year = {2015},
  edition = {2nd},
  note = {ISBN 978-1498716963},
  url = {http://yihui.name/knitr/},
}

@Book{Amadeo2019,
  title = {How Florence, Harvey, Maria, and Other Hurricanes Battered the Economy},
  author = {Kimberly Amadeo},
  publisher = {The Balance},
  year = {2019},
  month = {June},
  day = {25},
  url = {http://www.thebalance.com/hurricane-damage-economic-costs-4150369},
}

@Book{DSouza2019,
  title = {Hurricane Dorian: Measuring the Economic Impact},
  author = {Deborah D'Souza},
  publisher = {Investopedia},
  year = {2019},
  month = {September},
  url = {http://www.investopedia.com/hurricane-dorian-4769192},
}

@Book{Newtools4H2019,
  title = {New Tools for Monitoring Hurricanes in a Changing Climate},
  author = {GOES-r},
  year = {2019},
  month = {May},
  day = {23},
  url = {http://www.goes-r.gov/featureStories/monitoringHurricanes.html},
}
